<?xml version="1.0" encoding="UTF-8"?><collection xmlns="http://www.loc.gov/MARC21/slim"><record><leader>00507nam--2200181-i-4500</leader><controlfield tag="001">000020018</controlfield><controlfield tag="002">20161230</controlfield><controlfield tag="005">20161230201033</controlfield><controlfield tag="008">060222s1000------------r-----000-0-fre-d</controlfield><datafield ind1=" " ind2=" " tag="040"><subfield code="a">IFIN-HH</subfield></datafield><datafield ind1=" " ind2=" " tag="041"><subfield code="a">fre</subfield></datafield><datafield ind1=" " ind2=" " tag="080"><subfield code="a">524:52-52(043)</subfield></datafield><datafield ind1="1" ind2=" " tag="100"><subfield code="a">Foy,Renaud</subfield></datafield><datafield ind1="1" ind2="0" tag="245"><subfield code="a">Etude de l'evolution des etoiles froides par l'analyse de leurs atmospheres</subfield><subfield code="b">These</subfield><subfield code="c">Renaud foy</subfield></datafield><datafield ind1=" " ind2=" " tag="260"><subfield code="a">Paris</subfield><subfield code="b">Universite De Paris Vii</subfield><subfield code="c">1974</subfield></datafield><datafield ind1=" " ind2=" " tag="300"><subfield code="a">112P+ANEXE</subfield></datafield><datafield ind1=" " ind2=" " tag="852"><subfield code="a">49790</subfield><subfield code="c">523</subfield></datafield><datafield ind1=" " ind2=" " tag="CAT"><subfield code="a">Sys</subfield><subfield code="c">20141204</subfield><subfield code="h">151142</subfield></datafield></record></collection>